3800 6600
257 816 312 869 5⁴8

259 977 358 1030 Roma.
396 979 420 1028 Α
438 974 518 1040 «1112
542 975 578 1027 de
601 973 684 1042 impe
708 971 858 1039 deligendo
883 987 979 1024 excr-

261 1048 351 1102 citus
381 1047 499 1099 -ttulit
529 1045 569 1098 ud
602 1046 769 1107 senatum
802 1044 844 1101 11.
879 1042 911 1094 13
944 1043 978 1094 ilo

260 1120 341 1188 impe
370 1118 512 1187 diligendo
543 1116 584 1169 ud
615 1116 757 1168 eundem
789 1114 979 1166 exercitum

261 1207 362 1244 censeo
385 1205 446 1243 esse
471 1188 596 1241 -endum
633 1187 698 1239 'l'ac¹
718 1188 742 1240 2.
763 1185 779 1237 6
799 1201 895 1237 rerum
919 1201 977 1237 seu.

261 1292 293 1303 -
314 1278 382 1315 rem
402 1262 440 1313 ad
460 1259 593 1313 milites
611 1257 711 1311 -ttulit

298 1332 326 1399 6)
346 1356 377 1379 =
398 1333 533 1396 erectiore,
557 1345 679 1382 rrarrore.
716 1326 870 1396 (011866,
891 1325 908 1378 3
932 1324 980 1393 qui

260 1404 428 1456 internuntii
459 1408 526 1455 sunt
560 1401 635 1454 aliud
672 1416 755 1468 quam
793 1396 981 1467 respondetur

260 1492 346 1544 saepe
365 1476 472 1534 -entes;
502 1472 542 1528 17.
565 1475 578 1523 1
600 1473 679 1525 chat
703 1470 852 1537 Encolpius
872 1501 903 1506 —
924 1483 979 1521 occ.

234 1544 238 1550 ⁴
260 1564 283 1599 c.
295 1547 345 1610 1¹an
385 1546 437 1599 Gd.
458 1544 529 1612 14,7
551 1543 648 1597 Refert
667 1542 703 1595 ad
721 1547 750 1595 te
770 1542 888 1610 stipator
902 1557 981 1592 meus

262 1617 450 1685 Tynchanius,
475 1632 546 1683 quae
565 1619 646 1684 gesta
664 1613 795 1683 cognovi
817 1647 857 1670 -,
883 1614 980 1669 refert

263 1706 335 1757 quae
355 1689 425 1741 siut
443 1688 564 1740 militum
576 1690 694 1739 mentes.
732 1684 794 1737 Car.
809 1684 881 1740 133
901 1699 981 1736 avus

261 1777 357 1814 meus
388 1759 507 1811 -ttulit
534 1758 696 1811 interfuisse
725 1755 848 1809 contioni
880 1755 980 1814 (cratim

264 1831 426 1885 interfuisse
449 1831 573 1900 <se>);
604 1829 645 1888 14.
671 1833 682 1880 l
705 1844 773 1880 ariis
793 1843 871 1879 maus
899 1824 982 1878 mihi

261 1902 341 1956 -tulit
358 1903 395 1956 ab
414 1902 475 1969 ipso
495 1900 670 1953 Diocletiano
689 1902 877 1967 compertum
906 1898 945 1953 lu.
967 1898 981 1946 l

265 1975 308 2028 cui
338 1978 495 2036 (evomes)
524 1973 576 2025 boc
606 1971 712 2024 dictum
740 1987 757 2023 a
780 1970 894 2037 Dryade
922 1968 983 2035 ipse

247 2046 388 2116 u-tulerat.
430 2043 500 2096 udde
519 2046 540 2094 Α
562 2042 640 2102 10‚2
668 2042 714 2110 qui
744 2058 773 2093 so
802 2041 838 2093 de
867 2039 983 2092 'l'rsiani

264 2133 368 2185 genere
410 2115 554 2169 referebat
594 2114 707 2178 (·mclius
744 2112 863 2166 ferebat'
902 2110 982 2170 Cas).

264 2189 291 2254 b)
311 2187 498 2253 descriptore.
537 2185 609 2237 Max.
629 2185 654 2250 6,
673 2185 691 2235 3
709 2188 742 2236 ut
760 2183 849 2237 refert
868 2179 984 2235 Cordus.

264 2260 308 2312 As
332 2259 376 2320 62,
400 2261 417 2309 2
445 2261 477 2309 ut
506 2256 681 2309 Herodianus
711 2255 835 2308 Graecus
863 2254 985 2322 scriptor

264 2329 354 2383 refert
372 2329 400 2381 in
419 2328 499 2382 libris
517 2331 677 2395 temporum
697 2344 819 2381 suorum.
857 2324 903 2377 AC
922 2327 947 2390 e,
969 2323 984 2374 7

263 2407 296 2454 ut
318 2402 386 2454 itcm
406 2399 510 2454 Murius
530 2399 668 2451 Maximus
692 2401 781 2451 refert
800 2399 827 2449 in
848 2414 881 2450 eo
905 2395 984 2455 libro,

265 2490 349 2541 quem
379 2503 422 2523 —.
468 2470 534 2523 Tac.
565 2472 588 2535 1,
614 2471 630 2523 e
659 2469 813 2523 verioribus
846 2468 985 2521 historicis

265 2544 390 2597 entibus
414 2542 591 2596 declaratum
614 2544 659 2594 est
681 2574 724 2594 —.
767 2540 811 2592 Pr.
835 2540 897 2599 33
921 2538 986 2606 quia

266 2633 316 2684 per
346 2631 433 2667 unum
469 2617 579 2666 tantum
613 2612 785 2665 Graecorum
822 2615 895 2664 ·turu
933 2614 985 2662 est.

266 2686 492 2754 Hel.3l,lqu0d
506 2686 591 2738 haec
610 2684 738 2743 clades,
759 2699 855 2750 quam
873 2682 986 2737 -ttuli,

267 2760 327 2812 loco
355 2757 514 2827 principum
543 2756 637 2809 fuerit.
685 2754 744 2807 Ael.
773 2755 835 2821 {qb
864 2754 903 2804 de
932 2770 986 2820 quo

268 2846 372 2897 genere
401 2828 454 2880 cibi
484 2827 568 2880 aliter
595 2826 682 2880 refert
712 2826 816 2878 Marius
842 2824 987 2878 fluximus.

313 2901 338 2956 2.
361 2902 372 2952 l
400 2900 435 2951 de
454 2899 532 2951 cuius
551 2898 610 2951 vita
633 2904 661 2950 et
681 2898 804 2949 moribus
824 2896 851 2948 iu
872 2896 930 2948 rita
949 2896 988 2947 si

273 3000 275 3006 ·
299 2971 374 3024 erius
407 2969 544 3023 Maximus
577 3001 609 3009 —-
641 2970 711 3022 satis
745 2969 855 3036 crrpioso
886 2967 986 3019 -ttulit

269 3043 292 3108 Q
312 3044 337 3100 6.
356 3043 373 3094 2
398 3059 484 3109 quae
508 3042 548 3093 de
573 3041 634 3093 illo
658 3041 785 3093 Aurelius
807 3038 934 3092 l'est-ivus
953 3069 988 3077 -

270 3114 432 3182 singillatim
451 3113 549 3166 ·ttulit.
587 3111 609 3164 Τ
628 3113 700 3181 :ire
720 3112 759 3163 ita
778 3114 811 3162 ut
829 3111 863 3162 de
883 3109 988 3162 familia

272 3190 332 3239 tam
356 3189 454 3237 cuncta
481 3215 516 3223 -
543 3184 634 3236 saltim
660 3199 749 3251 pauco
773 3186 890 3236 rentur.
931 3180 988 3233 Ael.

272 3259 309 3315 ⁶5.
329 3258 346 3310 9
366 3255 434 3310 trud.
455 3259 540 3323 atque
559 3255 633 3308 idom
653 3254 738 3308 ouidii
762 3254 797 3307 ab
817 3253 878 3308 aliis
898 3254 990 3305 relat-u

270 3330 345 3382 idom
365 3327 447 3396 alricii
471 3328 557 3380 libros
581 3344 707 3379 amorum
731 3327 757 3379 iu
782 3328 856 3380 lecto
879 3341 990 3393 semper

270 3401 408 3454 habuisse.
447 3399 528 3451 Peter
539 3415 590 3451 ser.
608 3403 693 3465 atque
713 3398 786 3450 idom
802 3396 889 3465 Apicii
904 3396 990 3449 Caelii

270 3473 370 3527 relata.
395 3471 468 3522 idem
494 3469 585 3522 Ovidii
612 3470 697 3522 libros
721 3487 773 3521 aru.
800 3501 840 3520 -.
884 3468 989 3520 Pelsclr.

271 3543 399 3609 11911οῑ
421 3550 506 3607 atque
525 3541 598 3592 idern
614 3541 706 3592 Ovidii
727 3542 771 3602 lob
792 3541 851 3592 aliis
872 3541 989 3591 relatum

272 3615 348 3666 idem
369 3613 468 3681 Apicii]
490 3614 505 3665 l.
526 3630 578 3665 uru.
616 3645 640 3664 -.
672 3645 694 3650 —
721 3612 773 3663 llll
793 3614 817 3669 3,
841 3615 851 3662 1
875 3613 909 3663 de
930 3612 990 3677 ipso

271 3702 344 3753 quae
364 3686 395 3736 in
417 3684 558 3736 currules
577 3694 619 3734 ·ta
633 3685 697 3741 siut,
718 3683 859 3750 proferam
874 3690 942 3737 etas
963 3682 990 3733 iu

271 3757 382 3824 proserit
402 3756 476 3809 rodi.
517 3756 577 3807 Cur.
598 3756 622 3810 6.
646 3757 655 3806 1
679 3755 834 3822 suspicatus
853 3773 913 3805 esse
933 3754 990 3820 plo·

273 3845 372 3895 rosque
397 3834 426 3878 et
449 3843 496 3879 eos
521 3828 552 3877 in
577 3827 666 3878 fustes
690 3827 799 3877 -tulisse
825 3842 879 3877 occ.
899 3841 919 3876 c.
941 3826 991 3885 ius.

274 3901 308 3962 cll
334 3899 405 3951 Gall.
435 3898 477 3955 li).
501 3898 517 3947 2
547 3899 667 3950 (lullum
696 3904 847 3965 tyranuum
876 3896 992 3949 militari

274 3971 375 4023 iudicio
400 3970 427 4022 iu
451 3970 540 4021 fastos
565 3970 690 4036 publicos
714 3969 874 4020 -tluleruut
913 3968 993 4019 uliler·

275 4044 297 4094 A
324 4042 368 4097 37.
395 4043 412 4091 i)
440 4041 468 4092 id
497 4042 570 4107 quod
601 4042 631 4091 iu
663 4041 808 4093 historia
838 4048 909 4090 -tuiu
939 4050 991 4089 est.

272 4129 352 4180 saepe
371 4113 463 4171 1171.)
483 4113 584 4163 elicitur
602 4112 633 4164 in
655 4112 796 4164 litteras
817 4130 850 4163 r:
874 4112 915 4162 l'r.
935 4111 991 4163 322

274 4188 306 4236 ut
330 4184 443 4251 quidam
472 4184 499 4234 iu
525 4184 634 4235 litteras
664 4183 822 4234 -ttulerunt
861 4181 905 4234 Co.
930 4184 956 4239 8,
979 4185 990 4232 1

275 4256 338 4309 Scio
363 4256 397 4307 de
421 4255 567 4322 Papiniani
591 4271 660 4307 nece
689 4256 792 4307 multoe
816 4254 856 4305 ita
886 4255 911 4305 iu
938 4254 992 4306 litt.

274 4327 406 4388 ttulisse.
427 4330 458 4377 ut
478 4326 573 4377 caedis
593 4345 645 4378 nou
667 4325 850 4378 'adsciverint
872 4342 993 4381 causum.

275 4399 337 4452 aliis
366 4399 421 4450 aliu
450 4397 584 4450 entibus,
629 4398 648 4448 P
668 4397 828 4451 uenturi
861 4429 870 4433 -
921 4414 993 4447 eum

276 4473 361 4523 etiam
387 4469 413 4521 iu
443 4470 592 4536 prouinciis
618 4499 648 4507 —
676 4469 788 4520 sordide
817 4486 850 4519 se
880 4469 992 4535 egisse

277 4543 304 4593 iu
332 4541 386 4592 litt.
416 4540 525 4592 tulere.
567 4541 617 4591 [ul.
639 4542 699 4593 iuli
728 4540 795 4591 haec
825 4550 910 4605 utque
939 4539 993 4589 ulia

277 4612 371 4665 omina
390 4611 476 4664 fuisse
497 4612 576 4663 multi
602 4612 627 4662 iu
654 4612 707 4662 litt.
729 4611 888 4663 -ttuleruut¹
927 4609 991 4662 Tur.

277 4684 301 4748 7,
321 4685 338 4734 ὁ
361 4683 510 4750 plerosque
536 4684 562 4734 iu
587 4682 640 4734 litt.
666 4684 788 4733 -ttulisse
813 4700 867 4735 ricc.
888 4699 908 4733 c.
930 4684 993 4741 orti:

279 4758 302 4815 1,
323 4758 337 4805 1
359 4754 438 4818 Quod
458 4762 522 4822 post
541 4771 683 4806 excessuri}
706 4754 812 4805 llomuli
833 4783 865 4792 -
888 4753 994 4803 fartum

276 4826 425 4893 pontifices
441 4857 471 4863 —
487 4826 513 4877 in
534 4826 589 4876 litt.
610 4827 769 4885 -ttulerunt,
790 4858 830 4876 -.
869 4824 945 4878 (312.
964 4826 995 4874 lll

278 4899 355 4950 luter
379 4897 448 4949 haec
472 4897 594 4949 refertur
621 4897 646 4947 iu
672 4896 725 4947 litt.
750 4913 888 4963 pugnasse
917 4896 995 4947 illurn

277 4969 328 5022 sub
366 4976 446 5036 putre
483 4967 635 5020 trecenties
673 4968 800 5033 sexagies
839 4967 995 5034 quinquies.

279 5041 322 5092 Pr.
346 5043 394 5096 1,1
418 5043 531 5091 Certum
552 5050 602 5093 est.
623 5041 696 5106 quod
716 5039 862 5090 Sullustius
883 5040 995 5107 Crispus

278 5113 408 5179 quodque
430 5113 464 5162 ll.
486 5115 554 5163 t‘uto
579 5118 608 5161 et
680 5111 837 5163 sententiae
861 5111 943 5161 modo
967 5111 996 5161 iu

280 5184 332 5234 litt.
362 5184 521 5238 -ruileruuu
551 5202 603 5234 rue
629 5200 649 5233 e.
675 5183 725 5244 ius.
765 5181 868 5245 (17.6
897 5183 936 5234 :le
960 5198 995 5233 ne

279 5255 339 5321 quis
394 5288 402 5292 -
431 5271 522 5306 ureuur
552 5273 612 5306 esse
641 5256 747 5311 ere-«lut,
780 5255 854 5320 «quod
885 5254 911 5304 in
942 5253 995 5305 lut

279 5326 365 5379 ntuli.
397 5359 417 5376 -.
439 5328 499 5377 Cur.
515 5329 554 5379 lli.
569 5329 577 5377 l
595 5327 679 5393 pudet
696 5327 799 5381 dicere.
813 5325 885 5392 quud
901 5325 927 5375 iu
942 5325 996 5375 litt.

281 5397 427 5449 Onesimus
447 5398 535 5453 tulit:
556 5399 597 5451 ·.’l.
615 5402 670 5449 let
692 5398 759 5449 lurec
801 5397 923 5448 -idrirco
944 5413 997 5461 ego

281 5470 308 5521 in
336 5469 390 5520 liti..
420 5470 504 5535 ·ttuli‚
534 5500 575 5520 -—.
626 5469 648 5519 Τ
677 5468 701 5524 7,
733 5473 745 5519 1
778 5469 820 5521 lle
849 5468 900 5519 hoc
930 5467 997 5519 nihil

819 813 946 865 referre
966 842 999 848 —
1019 811 1201 867 remouere

1034 971 1154 1038 amplius
1182 972 1210 1024 in
1239 971 1293 1025 litt.
1323 973 1366 1024 est
1393 973 1476 1028 tum.
1505 986 1589 1038 quam

1036 1041 1088 1095 Gd.
1116 1044 1142 1106 ft,
1167 1042 1183 1095 6
1212 1059 1284 1111 (quae
1313 1041 1549 1110 (adclamatio)
1578 1058 1596 1093 a

1035 1114 1145 1167 litteras
1162 1113 1276 1179 (litteris
1289 1114 1346 1167 ced.
1360 1115 1452 1178 Peter)
1464 1116 1508 1166 -ta
1522 1116 1573 1164 est.

1036 1185 1084 1253 qui
1096 1187 1186 1255 patris
1199 1186 1258 1238 eius
1277 1187 1376 1255 gesta
1395 1184 1423 1237 iu
1437 1184 1493 1237 litt.
1507 1184 1607 1236 -ttulit

1036 1256 1082 1324 qui
1102 1258 1146 1310 Hi
1167 1257 1272 1310 vitam
1297 1256 1461 1326 diligentius
1484 1256 1513 1308 iu
1534 1256 1588 1307 litt.

1037 1330 1059 1380 A
1082 1331 1105 1392 1,
1124 1327 1141 1380 3
1161 1329 1223 1396 quis
1242 1329 1330 1381 vitum
1354 1329 1413 1381 eius
1438 1329 1466 1380 iu
1487 1327 1539 1381 litt.
1559 1329 1608 1378 -ttr

1037 1399 1081 1453 Pr.
1101 1400 1164 1462 2,3
1189 1400 1238 1453 Cu.
1263 1400 1463 1469 Pompeium
1490 1430 1525 1438 —
1553 1400 1609 1465 quis

1037 1474 1141 1534 nosset,
1165 1471 1218 1524 nisi
1239 1489 1303 1524 euru
1323 1471 1361 1524 M.
1380 1469 1489 1523 'Pullius
1514 1475 1543 1522 et
1562 1469 1592 1521 T.

1038 1542 1093 1596 litt.
1112 1542 1286 1595 -ttulirsent'f

1072 1611 1247 1669 reficere.
1292 1615 1317 1678 l)
1343 1612 1385 1666 AS
1405 1613 1449 1680 44,
1469 1613 1485 1664 7
1509 1611 1608 1665 'l'beulr

1038 1685 1102 1738 calli
1126 1704 1147 1737 r.
1175 1686 1270 1738 voluit.
1299 1716 1335 1723 -
1363 1685 1391 1748 2)
1415 1697 1443 1744 ul
1465 1682 1507 1735 AS
1527 1684 1606 1738 eut

1039 1756 1153 1809 balneas
1180 1757 1313 1809 *multum
1343 1756 1424 1809 lactis
1454 1758 1482 1807 et
1511 1755 1591 1823 panis

1038 1845 1100 1890 «iva,
1121 1828 1224 1881 deinde
1244 1828 1363 1881 mulsum
1377 1833 1463 1894 atque
1485 1827 1528 1878 his
1547 1837 1604 1878 ·tus

1039 1900 1115 1952 dium
1135 1900 1232 1952 inibat.
1271 1900 1344 1952 Max.
1363 1899 1407 1954 2⁴.
1426 1899 1443 1950 3
1461 1898 1563 1962 ingens
1581 1915 1609 1950 er

1039 1973 1211 2024 commeatus
1229 1970 1366 2023 incastris
1378 2000 1410 2009 -·
1426 1969 1574 2022 traductus
1592 1988 1609 2020 r·

1040 2043 1089 2100 {sic
1108 2043 1195 2095 Peter.
1222 2040 1302 2095 Mms.
1328 2041 1491 2108 fecistisque
1512 2041 1545 2093 P.
1565 2040 1608 2093 fer

1039 2113 1175 2167 militibus
1203 2145 1246 2165 —.
1284 2115 1310 2178 h)
1336 2113 1380 2165 Pr.
1400 2113 1463 2175 lbi)
1490 2115 1590 2180 postea

1041 2186 1092 2238 bus
1112 2219 1152 2235 -.

1075 2252 1231 2311 reflare.
1279 2254 1340 2308 Hel.
1369 2256 1413 2310 ⁸25.
1442 2256 1459 2306 2
1492 2255 1587 2307 multis

1040 2328 1136 2380 amicis
1155 2326 1235 2379 folles
1259 2344 1309 2394 pro
1328 2326 1464 2378 accubitis
1489 2325 1609 2378 sternsbi

1040 2401 1121 2451 -ubat
1139 2398 1342 2467 prandentibus
1356 2398 1423 2452 illis:
1443 2398 1519 2454 233
1538 2398 1609 2449 iuver

1042 2471 1069 2522 iu
1088 2475 1163 2522 terra
1182 2477 1319 2525 sternere.
1340 2487 1393 2522 nou
1414 2469 1442 2521 iu
1463 2469 1580 2525 lectulis.
1599 2487 1608 2520 ι

1041 2543 1093 2594 bus
1117 2545 1194 2593 utres
1217 2558 1267 2610 per
1296 2553 1397 2609 pucros
1426 2540 1460 2592 ad
1491 2541 1606 2593 -auilum

1042 2614 1226 2667 solverentur.

1077 2680 1295 2739 reflectere.
1334 2684 1411 2736 Part.
1432 2684 1476 2750 pf.
1519 2682 1541 2735 (⁸
1560 2682 1609 2740 3,ι

1042 2756 1152 2824 saepius
1179 2755 1287 2808 corrice
1314 2754 1419 2807 reflexa
1446 2754 1560 2822 publice
1583 2770 1609 2806 os

1043 2851 1076 2874 z
1096 2827 1150 2880 odi.
1189 2827 1210 2878 P
1233 2827 1273 2892 12.
1296 2828 1304 2877 1
1335 2826 1398 2879 Fuit
1423 2857 1450 2864 -
1479 2843 1566 2878 senex
1590 2844 1608 2874 u

1044 2898 1157 2951 inmissa
1176 2898 1272 2954 barba.
1292 2915 1339 2949 -xo
1359 2896 1468 2966 capillo.
1508 2895 1555 2948 ΡΝ
1574 2897 1600 2952 e.

1044 2969 1144 3037 capillo
1164 2970 1191 3021 in
1211 2970 1345 3022 verticem
1365 2970 1400 3021 ad
1420 2968 1543 3035 gratiam
1562 2985 1609 3020 -so

1079 3038 1311 3096 reformare.
1354 3039 1465 3097 ΡΗ
1494 3039 1588 3092 -sndis

1044 3112 1101 3165 eod.
1121 3129 1166 3165 eru.
1189 3114 1261 3168 Cas.)
1282 3112 1429 3179 pecuniam
1451 3111 1573 3164 contulit
1605 3143 1609 3150 ·

1045 3186 1193 3252 pleresque
1218 3183 1326 3236 Galliae
1355 3183 1494 3247 ciuitates,
1523 3199 1608 3234 uouur

1045 3261 1137 3308 castra
1168 3287 1198 3295 -
1233 3256 1324 3324 <in>
1350 3258 1476 3308 veterem
1505 3257 1608 3307 statum

1046 3327 1106 3381 obs.
1125 3345 1153 3394 p.
1172 3331 1210 3380 27
1227 3327 1304 3390 edu.)
1323 3327 1406 3381 -sritz
1439 3327 1479 3392 lr'r⁷
1499 3325 1514 3377 7
1535 3325 1609 3394 ille]

1045 3416 1130 3452 uxore
1160 3399 1280 3451 Zenobia
1309 3416 1363 3450 uon
1392 3398 1482 3449 solum
1501 3397 1609 3449 ‘orienti

1046 3471 1100 3522 ium
1132 3470 1159 3522 iu
1192 3470 1339 3537 pristinum
1372 3475 1484 3521 -uverat
1515 3474 1608 3520 etalun

1046 3560 1142 3593 omues
1161 3542 1274 3593 ouiniuu
1293 3542 1379 3592 totius
1400 3541 1474 3592 orbis
1496 3547 1591 3609 partes

1083 3610 1356 3667 reformidare.
1388 3613 1464 3664 Pure.
1475 3629 1519 3678 pr.
1542 3611 1609 3664 Ast

1048 3685 1187 3736 litteratos¹
1219 3684 1346 3736 homiues
1380 3685 1572 3739 vehementer,
1604 3704 1609 3730 i

1048 3774 1117 3809 -eus
1150 3773 1185 3807 uc
1218 3756 1282 3822 quid
1316 3757 1351 3807 de
1384 3773 1412 3806 se
1445 3772 1576 3822 asperum
1605 3773 1609 3803 r

1048 3827 1107 3879 Vul.
1127 3829 1152 3883 «l.
1173 3829 1189 3877 4
1209 3844 1295 3893 quare
1322 3827 1411 3893 iungis
1436 3844 1499 3877 —uus
1520 3826 1607 3877 Ronur

1048 3903 1135 3965 δῆμον
1168 3929 1195 3935 --
1227 3899 1302 3949 ocius
1327 3915 1356 3950 se
1383 3899 1498 3964 recepit.
1541 3895 1563 3947 'l'
1588 3896 1607 3947 l!

1050 3971 1207 4021 ,llucriuuus
1221 3969 1403 4021 veliementer
1417 3986 1479 4020 -aus
1502 3998 1529 4006 ·-
1554 3970 1609 4019 inte

1048 4042 1131 4108 deluit.

1083 4109 1276 4167 refovere.
1315 4111 1407 4165 ΗΜ
1428 4128 1528 4176 aegros
1547 4110 1589 4163 lu's

1049 4192 1078 4236 et
1097 4184 1244 4236 nonnullos
1264 4183 1374 4249 equites
1397 4184 1537 4235 lloruanos
1562 4198 1593 4234 sc

1050 4256 1183 4310 visitavit,
1204 4254 1313 4305 solariis
1333 4256 1375 4307 -iu
1396 4254 1519 4306 consiliis
1540 4253 1609 4304 subl«

1084 4323 1293 4393 refragari.
1332 4326 1374 4376 AS
1394 4327 1449 4380 ‘hl
1470 4326 1543 4392 quod
1566 4325 1606 4376 He

1049 4410 1165 4449 rouutus
1185 4404 1228 4447 est
1243 4415 1292 4448 uer·
1313 4397 1406 4464 potuit
1420 4404 1450 4448 et
1464 4397 1600 4448 militibus

1049 4470 1123 4520 tilius
1144 4479 1171 4518 et
1191 4476 1289 4520 uerrutu
1309 4474 1397 4520 mute.

1086 4538 1303 4594 refrenare.
1347 4541 1392 4590 hl'
1413 4540 1477 4595 eo
1503 4540 1531 4591 in
1557 4538 1608 4590 hcl

1050 4615 1134 4678 atqrre
1156 4614 1283 4678 Aegypto
1304 4611 1470 4663 relrellioues
1490 4611 1609 4678 repressi

1051 4683 1191 4735 molientis
1220 4701 1305 4750 sirepe
1335 4696 1430 4739 (suere
1457 4683 1575 4740 Poterit!
1605 4712 1609 4720 ·

1054 4756 1092 4806 12.
1112 4753 1130 4804 u
1154 4753 1239 4805 uoirui
1265 4755 1383 4805 rnilitum
1412 4755 1498 4806 semel
1524 4754 1607 4805 iubut

1051 4834 1204 4892 nequeunt.

1086 4895 1287 4963 refugere?
1328 4897 1370 4947 l'r.
1384 4897 1454 4951 ’211
1479 4896 1549 4947 oud.
1572 4896 1609 4946 Po

1054 4999 1083 5005 —-
1106 4968 1259 5020 Romanam
1281 4968 1446 5028 refrixerunt
1472 4967 1522 5023 lsic
1546 4966 1609 5018 Pil:

1055 5041 1091 5091 Pe
1109 5046 1126 5090 l.
1141 5040 1169 5091 h
1185 5051 1198 5093 l.
1218 5039 1289 5105 qiuid
1306 5039 1358 5099 ursi
1375 5044 1457 5090 ¹<olna
1472 5040 1553 5090 Peter
1571 5054 1609 5089 ers

1056 5112 1131 5163 lloru.
1161 5129 1219 5161 rem
1249 5109 1382 5167 fueeruut
1413 5124 1459 5165 rou
1493 5110 1568 5161 llum.
1605 5137 1609 5146 ·

1054 5183 1255 5246 refuueruritll.

1090 5251 1313 5307 refundere.
1338 5257 1343 5303 l
1356 5270 1360 5305 r
1376 5257 1396 5303 ,1
1411 5253 1455 5307 -lll,
1469 5252 1486 5303 3
1499 5270 1558 5304 seu.
1574 5253 1608 5303 lia

1054 5326 1220 5376 electionem
1240 5325 1267 5375 in
1289 5325 1442 5374 exereitum
1463 5323 1578 5375 refudit.

1054 5412 1170 5462 querum
1185 5428 1217 5433 —
1233 5412 1329 5447 riri-eru
1345 5396 1370 5445 iu
1388 5395 1495 5446 ,litiani
1511 5394 1608 5446 consili

1053 5470 1081 5535 ⁴2)
1102 5465 1140 5519 Cl.
1165 5469 1235 5524 lli)
1255 5467 1368 5518 lurieuru
1390 5484 1483 5523 uuam,
1504 5483 1587 5532 qumn
