3800 6600
675 1891 1085 2000 Praefatio

302 2238 445 2329 Scriptorum
469 2252 523 2335 qui
540 2259 701 2313 vocantur
725 2249 881 2313 historiae
897 2249 1071 2334 Augustae
1096 2248 1228 2313 lexicon
1252 2272 1271 2313 a
1293 2248 1403 2313 multis
1426 2252 1506 2313 viris
1523 2249 1629 2314 doctis

242 2339 372 2416 &tecum
394 2367 445 2435 est,
481 2380 500 2421 a
527 2355 735 2420 Mommseno
764 2355 962 2441 flagitatum3
996 2378 1060 2443 quo
1097 2357 1130 2419 in
1166 2378 1267 2442 opere
1303 2355 1508 2420 conficiendo
1545 2380 1627 2443 quas

242 2460 526 2539 amaricationes,
551 2464 668 2549 paucis
694 2485 867 2549 exponam.

293 2560 316 2625 Η.
331 2565 412 2647 Peter,
440 2573 531 2635 cuius
556 2570 734 2634 editionem
760 2569 896 2634 alteram
925 2572 1096 2655 sequimur
1119 2569 1247 2652 ducem,
1277 2572 1311 2634 in
1336 2569 1446 2634 verbis
1471 2571 1627 2634 constitu·

242 2663 335 2737 atsto
352 2697 417 2741 usus
440 2689 491 2741 est
513 2680 650 2759 ratione,
674 2687 711 2741 ut
735 2675 905 2742 codicibus
929 2676 1172 2762 Bambergensi
1197 2687 1229 2740 et
1251 2675 1409 2763 Palatino,
1437 2699 1519 2762 quos
1543 2698 1626 2739 unos

242 2774 307 2840 ullu
323 2782 501 2849 adhibendos
525 2806 601 2849 esse
627 2786 809 2862 statuisset,
838 2786 873 2849 in
896 2784 1063 2871 plerisque
1087 2784 1188 2848 rebus
1212 2784 1350 2849 eandem
1374 2785 1443 2848 fere
1468 2783 1627 2847 tribueret

242 2886 371 2972 mitten,
406 2894 436 2956 in
475 2891 641 2958 nonnullis
678 2892 858 2957 anteferret
895 2891 986 2956 illum
1026 2901 1061 2955 ut
1096 2894 1317 2956 vetustiorem
1377 2891 1421 2954 At
1455 2893 1628 2955 renovavit

242 2979 326 3059 ltuscn
353 3002 541 3064 sententiam
578 3010 675 3064 antea
710 3001 775 3062 iam
810 2997 971 3085 prolatam
1009 2998 1053 3083 (v,
1082 2999 1192 3064 Peteri
1227 2999 1329 3084 praef.
1367 3022 1397 3084 p.
1429 2997 1512 3061 VIII
1548 2997 1625 3083 sq),

242 3099 339 3184 ’triplum
364 3127 435 3169 esse
465 3106 536 3171 eod
560 3105 676 3171 Bamb.
702 3128 745 3170 ex
767 3105 846 3185 Pal,
876 3105 1082 3191 eandemque
1111 3106 1153 3169 H.
1178 3099 1312 3170 Dessau
1343 3117 1480 3190 utroque
1510 3104 1625 3168 codice

242 3211 390 3276 croconlato
420 3216 616 3278 certissimis
647 3213 805 3279 stabilivit
835 3215 1048 3298 argumentis,
1100 3212 1216 3299 Itaque
1246 3214 1400 3298 quoniam
1430 3220 1559 3276 constat
1582 3249 1627 3257 —

242 3319 308 3380 accit
327 3323 414 3384 ctiam
445 3322 559 3404 Peter3
595 3346 623 3388 v.
649 3321 736 3385 Berl.
765 3319 881 3385 Philol.
908 3320 1149 3385 Wochenschr.
1181 3322 1265 3385 1897
1296 3344 1327 3406 p.
1352 3305 1417 3385 814
1446 3357 1489 3366 —
1524 3341 1625 3382 unum

242 3432 449 3509 tergeminum
474 3451 550 3492 esse
575 3429 648 3493 cod.
666 3430 713 3509 R,
739 3428 781 3492 ad
805 3430 877 3492 eius
895 3429 1020 3513 primae
1045 3451 1162 3492 manus
1187 3427 1345 3492 lectiones
1363 3427 1624 3512 quamproxime

242 3531 268 3590 ω’
290 3535 515 3615 accedendum
553 3539 585 3600 in
616 3561 680 3623 quo
712 3539 845 3622 egregia
880 3538 1012 3602 adiutus
1044 3561 1116 3602 sum
1146 3538 1293 3600 Dessaui
1327 3534 1530 3613 liberalitate,
1570 3537 1625 3621 qui

242 3639 335 3703 tionem
360 3642 485 3706 illorum
513 3642 664 3706 codicum
689 3646 970 3707 accuratissimam
1002 3644 1079 3708 mihi
1103 3644 1236 3707 tradidit
1262 3643 1501 3728 inspiciendam
1526 3653 1624 3728 atque

242 3764 299 3810 uram
321 3774 385 3812 rem
410 3750 677 3815 convertendam.
727 3750 810 3815 Sunt
833 3762 941 3815 autern
967 3754 1091 3836 primae
1115 3753 1227 3814 uranui
1252 3751 1323 3814 cod.
1349 3752 1374 3813 P
1396 3751 1624 3813 attribuendae

249 3853 323 3918 mlum
348 3880 403 3920 eae
427 3856 598 3938 lectioneS,
624 3880 707 3943 quas
725 3859 821 3922 Peter
837 3861 963 3922 notavit
979 3861 1072 3942 signo
1097 3860 1152 3929 1³¹,
1179 3859 1238 3922 sed
1264 3857 1383 3921 multae
1408 3860 1515 3938 etiam,
1542 3879 1624 3941 quas

244 3960 299 4023 tiriae
325 3987 438 4027 manus
463 3966 537 4046 (Po
574 3990 649 4029 esse
686 3967 898 4047 existimavit;
936 3968 1045 4028 omisit
1080 3969 1166 4028 enim
1196 3966 1398 4049 distinguere
1434 3987 1490 4028 eos
1520 3963 1623 4043 locos,

243 4088 263 4124 u·
282 4073 342 4154 ipse
367 4071 492 4134 codicis
517 4075 658 4157 scriptor
683 4082 790 4135 errata
819 4075 953 4156 agnovit
982 4083 1080 4158 atque
1110 4083 1166 4136 aut
1194 4075 1301 4135 statim
1331 4083 1386 4135 aut
1416 4070 1524 4156 paullo
1550 4079 1625 4155 post

242 4177 286 4235 m.
328 4178 520 4241 llommseni
556 4182 653 4263 igitur
688 4191 719 4243 et
755 4180 900 4243 Dessaui
937 4179 1089 4265 exemplo
1125 4180 1308 4264 designabo
1344 4189 1420 4242 nota
1448 4179 1496 4240 Pa
1522 4188 1554 4241 et
1579 4178 1627 4239 Βει

245 4303 291 4343 oce
313 4287 432 4368 primae
456 4308 572 4348 manus
596 4286 784 4362 mendosae,
810 4285 852 4348 Pb
870 4299 902 4349 et
918 4283 968 4349 Bb
984 4287 1099 4350 eadem
1125 4311 1223 4350 manu
1248 4296 1422 4349 correctae.
1472 4284 1625 4348 Ceterum

242 4390 278 4450 riu
289 4395 383 4463 tertia,
399 4416 497 4477 quam
512 4394 670 4478 promisit,
682 4392 824 4455 editione
839 4392 939 4456 multo
954 4396 1058 4477 inagis
1073 4393 1209 4457 mutabit
1222 4394 1463 4456 adnotationem
1477 4393 1625 4454 criticam

242 4516 250 4550 r
268 4499 356 4579 ipsum
380 4512 515 4573 textum,
542 4512 714 4585 propterea
738 4499 826 4584 quod
851 4500 1000 4564 codexP
1024 4500 1124 4563 multo
1150 4503 1246 4563 etiarn
1272 4499 1407 4563 similior
1431 4509 1482 4561 est
1505 4497 1577 4560 cod.
1597 4497 1623 4558 B

242 4621 348 4667 inantea
374 4605 560 4691 putabatur.
608 4607 723 4692 Neque
755 4618 864 4670 tamen
890 4606 1020 4689 desunt,
1051 4631 1134 4694 quae
1161 4608 1356 4692 corrigenda
1385 4609 1450 4670 siut
1477 4603 1625 4668 adhibita

242 4711 283 4770 aui
312 4711 488 4790 collatione,
525 4723 623 4799 atque
660 4716 691 4776 in
722 4713 984 4799 orthographicis
1021 4714 1121 4778 rebus
1146 4716 1244 4778 Peter
1278 4738 1343 4778 nou
1380 4716 1423 4776 ita
1458 4735 1531 4776 raro
1569 4720 1625 4773 aut

242 4817 282 4875 crit
297 4818 436 4881 codicum
463 4823 689 4883 auctoritatem
706 4833 761 4884 aut
786 4823 903 4885 iniuria
921 4821 1073 4907 praetulit
1091 4823 1161 4886 cod.
1181 4825 1217 4886 B.
1267 4822 1363 4901 Quod
1382 4823 1479 4905 igitur
1497 4827 1624 4882 textum

242 4942 371 5007 corioquam
399 4926 574 4990 emendare
601 4930 700 5014 potui,
727 4928 759 4991 id
784 4952 901 5012 magna
933 4954 974 4991 ex
1007 4941 1097 5014 parte
1124 4930 1269 4993 Dessaui
1300 4941 1351 4991 cst
1374 4931 1537 5004 meritum,
1572 4927 1625 4989 cui

249 5047 269 5087 rt
289 5030 468 5095 doctissimo
494 5044 525 5096 et
550 5033 786 5097 humanissimo
811 5058 964 5118 magnam
996 5059 1047 5099 rue
1072 5037 1211 5119 gratiam
1241 5046 1273 5098 ct
1297 5035 1418 5098 debere
1444 5045 1476 5096 et
1501 5033 1624 5096 habere

245 5136 344 5201 tissime
368 5141 529 5224 profiteor.
579 5142 753 5205 Praeterea
788 5152 895 5205 autem
933 5141 1085 5206 omnibus
1123 5145 1170 5206 eis
1207 5142 1298 5218 locis,
1335 5140 1456 5227 quibus
1493 5161 1623 5204 errasse

245 5262 292 5305 urm
315 5249 541 5320 existimarem.
578 5270 855 5312 commemorasse
891 5272 942 5312 me
973 5260 1230 5313 cousentaneum
1261 5262 1320 5324 cst,
1358 5272 1441 5333 quae
1479 5248 1520 5310 ab
1550 5246 1623 5310 aliis

254 5349 339 5415 doctis
373 5356 493 5417 rectius
521 5367 576 5419 aut
600 5358 671 5419 veri
701 5355 839 5419 similius
872 5355 1000 5442 prolata
1025 5357 1224 5421 viderentur.
1275 5357 1426 5419 Virorum
1456 5358 1487 5417 iu
1513 5375 1624 5417 ernen-

242 5455 325 5521 istis
355 5461 568 5545 scriptoribus
597 5465 716 5548 optime
747 5465 936 5526 meritorum
968 5465 1176 5526 coniecturas
1205 5487 1319 5526 omnes
1349 5464 1417 5526 fere
1447 5464 1621 5548 adscripsi.
