3800 6600
260 808 294 873 II

367 970 509 1033 Nomina
532 974 665 1055 propria
689 968 776 1055 quod
800 971 912 1052 omisi,
938 993 1135 1056 quamquam
1168 992 1280 1035 eorum
1311 992 1440 1057 quoque
1471 972 1626 1056 exempla
1656 995 1695 1035 on

261 1069 367 1140 habeo
392 1086 560 1160 congesta,
585 1077 641 1139 vix
659 1078 832 1162 qnisquam
849 1076 1034 1159 mirabitur3
1059 1087 1149 1141 extat
1165 1077 1252 1141 enim
1269 1077 1378 1141 Peteri
1394 1077 1504 1157 index,
1530 1100 1631 1163 quem
1650 1091 1694 1143 ter

261 1183 394 1247 editioni
431 1181 550 1247 adiciet
585 1192 779 1263 correctum,
816 1186 1009 1268 praesertim
1047 1206 1121 1248 cnm
1156 1182 1306 1248 adhiberi
1342 1186 1449 1270 possit
1471 1185 1694 1272 Prosopograp

261 1290 394 1376 Imperii
418 1289 566 1358 Romani.
612 1289 663 1353 Ae
687 1312 728 1353 ne
753 1298 939 1353 ceterorum
964 1290 1096 1375 quidem
1121 1289 1296 1355 verborum
1322 1292 1468 1354 omnium
1493 1294 1602 1356 omnia
1627 1314 1691 1356 enu

260 1397 364 1462 randa
388 1397 504 1460 censui
528 1395 693 1482 exempla3
726 1398 798 1481 quis
823 1406 874 1459 est
898 1398 995 1478 enim,
1025 1399 1082 1483 qui
1106 1419 1220 1462 omnes
1248 1395 1340 1460 locos
1367 1396 1444 1461 velit
1468 1397 1607 1480 adlatos,
1638 1400 1693 1485 qui

261 1505 470 1568 inveniantur
505 1502 684 1588 particulae
716 1526 755 1567 ao
784 1513 882 1589 atque
912 1514 945 1567 et
976 1526 1050 1590 qne,
1086 1514 1143 1568 aut
1170 1505 1432 1590 praepositiones
1456 1528 1477 1567 a
1500 1505 1553 1575 ad,
1579 1516 1635 1568 aut
1657 1529 1693 1569 ve

262 1610 393 1675 dicendi
418 1609 584 1674 faciendi?
632 1610 697 1675 Sed
727 1631 906 1695 numquam
934 1613 1029 1674 omisi
1056 1624 1169 1697 aperte
1201 1611 1309 1676 dicero
1340 1610 1520 1696 exempla
1548 1623 1673 1677 tantum

261 1718 349 1799 ferri,
374 1716 492 1803 quibus
517 1716 709 1781 inlustretur
731 1717 824 1781 verbi
848 1717 1043 1802 significatio
1069 1728 1101 1782 et
1123 1741 1219 1799 usus3
1244 1718 1332 1803 quod
1356 1717 1413 1781 ubi
1436 1740 1502 1782 non
1527 1730 1579 1782 est
1601 1719 1693 1783 addit

261 1847 377 1889 omnes
401 1823 464 1887 loci
490 1834 732 1888 enumerantur.
780 1823 949 1888 Interdum
983 1824 1159 1911 adscriptis
1193 1827 1340 1889 numeris
1370 1825 1542 1896 indicatur,
1576 1836 1653 1912 quot
1675 1824 1694 1889 l(

260 1933 442 1996 invenerim
459 1930 595 1994 verbum
621 1929 799 1996 laudatum.
847 1932 884 1995 ln
909 1930 1071 2016 eligendis
1095 1941 1205 1996 autem
1222 1931 1381 2017 exemplis
1406 1933 1504 1995 enixe
1521 1954 1654 2018 operam
1670 1933 1694 1996 d·

259 2060 302 2103 ne
328 2060 424 2124 quem
449 2038 556 2101 locum
581 2039 883 2124 praetermitterem,
909 2040 964 2123 qui
988 2036 1098 2124 aliqua
1121 2062 1163 2103 ex
1187 2048 1394 2124 parteesset
1416 2038 1650 2103 memorabilis.

368 2163 594 2246 Designantnr
626 2163 689 2226 loci
728 2160 828 2226 adlati
866 2161 1053 2226 nominibus
1090 2164 1336 2248 imperatorum3
1376 2165 1409 2226 in
1445 2185 1510 2247 quo
1551 2163 1641 2228 hisce
1675 2188 1694 2227 u

262 2287 336 2333 suni
360 2271 461 2332 notis:
901 2269 902 2272 ’

306 2394 336 2459 A
360 2424 394 2449 =
418 2393 616 2458 Aurelianus
1081 2394 1155 2459 Hel.
1181 2425 1215 2450 =
1239 2392 1477 2480 Heliogabalus

308 2499 366 2565 AC
391 2530 425 2555 =
448 2500 589 2565 Avidius
614 2500 752 2565 Cassius
1081 2499 1147 2565 MA
1171 2532 1204 2556 =
1229 2501 1361 2565 Marcus
1386 2503 1573 2566 Antoninus

256 2603 258 2607 '
306 2605 377 2672 Ael.
404 2639 437 2661 z
463 2607 577 2671 Aelius
601 2606 745 2691 (Helius)
1081 2605 1169 2672 Max.
1195 2638 1229 2662 =
1252 2603 1422 2673 Maximini
1447 2608 1490 2673 II.

307 2714 365 2779 ΑΡ
389 2745 422 2768 =
447 2714 632 2779 Antoninus
657 2715 736 2778 Pius
1081 2711 1144 2779 ΜΒ
1168 2745 1202 2769 --
1226 2713 1391 2779 Maximus
1415 2723 1447 2778 et
1470 2714 1630 2779 Balbinus

306 2821 361 2885 AS
386 2851 420 2875 =
443 2818 635 2885 Alexander
661 2821 804 2886 Severus
1084 2820 1150 2886 OM
1173 2859 1207 2883 =
1232 2820 1363 2907 Opilius
1386 2815 1554 2898 Macrinus

307 2925 334 2993 C
359 2958 392 2983 =
417 2927 619 2992 Commodus
1083 2928 1109 2992 P
1132 2909 1171 2981 =l
1191 2928 1348 2992 Pertinax

308 3033 381 3100 Car.
406 3065 439 3089 =
465 3034 571 3099 Carus
596 3044 628 3098 et
646 3034 786 3099 Carinus
812 3045 843 3097 et
862 3034 982 3099 Nume-
1083 3034 1139 3099 ΡΝ
1163 3064 1197 3090 =
1221 3033 1427 3099 Pescennius
1451 3036 1554 3121 Niger

257 3131 259 3136 ’
423 3143 534 3205 rianus
1083 3142 1134 3207 Pr.
1161 3169 1195 3196 =
1218 3140 1347 3206 Probus

307 3247 362 3314 Co.
388 3278 421 3303 =
447 3247 638 3314 Caracallus
693 3255 698 3262 '
1082 3245 1170 3330 Q:
1195 3248 1384 3335 Quadrigae
1434 3258 1644 3336 tyrannorum
1685 3246 1694 3328 l

307 3354 355 3421 Cl.
381 3386 414 3410 ε
440 3354 598 3420 Claudius
1197 3355 1250 3435 24,
1267 3357 1301 3440 8)
1325 3358 1344 3421 i.
1363 3379 1391 3420 e.
1409 3357 1541 3420 Firmus
1564 3356 1695 3423 Saturnir

307 3461 377 3528 ClA
402 3493 435 3517 =
462 3462 596 3528 Clodius
622 3463 762 3527 Albinus
1197 3461 1357 3527 Proculus
1382 3473 1415 3527 et
1439 3463 1593 3527 Bonosus

306 3568 372 3632 Dd.
398 3600 431 3623 =
457 3569 685 3634 Diadumenus
1084 3569 1106 3634 S
1131 3599 1164 3625 =
1191 3569 1335 3634 Severus

307 3674 363 3740 DJ
389 3708 420 3729 =
445 3677 566 3741 Didius
590 3677 744 3743 Julianus
1083 3671 1111 3741 Τ
1136 3707 1169 3732 =
1194 3677 1341 3763 Tyranni
1364 3677 1475 3740 XXX.

307 3781 338 3848 G
363 3813 396 3837 z
422 3783 507 3848 Geta
1081 3782 1163 3848 Tae.
1188 3814 1222 3838 =
1247 3783 1383 3847 Tacitus

307 3888 392 3955 Gall.
418 3920 451 3943 z
477 3888 620 3955 Gallieni
646 3889 687 3955 ll.
1084 3891 1111 3954 V
1138 3923 1170 3944 =
1195 3889 1302 3955 Verus

259 4007 260 4012 ’
306 3995 371 4061 Gd.
396 4027 429 4051 =
455 3996 613 4061 Gordiani
637 3996 699 4061 ΙΙΙ.
1082 3998 1155 4064 Val.
1181 4030 1214 4054 =
1239 3996 1404 4062 Valeriani
1429 3997 1470 4061 ll.

305 4104 337 4167 H
361 4133 394 4157 z
418 4103 607 4167 Hadrianus

369 4227 504 4292 Eisdem
528 4230 614 4292 notis
639 4251 719 4292 usus
748 4251 821 4292 sum
847 4231 878 4293 in
904 4233 986 4318 ipsis
1014 4233 1209 4316 scriptorum
1235 4229 1345 4292 verbis
1370 4228 1497 4293 adlatis.
1546 4227 1717 4306 Ubicumq

263 4333 406 4400 Dessaui
430 4336 616 4398 testimonio
641 4338 738 4399 nixus
763 4359 846 4418 snm,
871 4338 1034 4422 adscripsi
1055 4335 1179 4401 litteras
1204 4341 1224 4399 t.
1243 4334 1286 4399 D.
1314 4336 1433 4401 Cetera
1448 4338 1519 4400 eius
1544 4337 1645 4416 modi,
1670 4351 1714 4399 ve

260 4446 298 4510 ci.
322 4472 356 4496 =
380 4444 510 4508 coniecit
534 4441 586 4505 vel
610 4464 654 4507 vs.
681 4474 711 4496 =
737 4466 844 4511 versus
867 4466 927 4530 per
956 4466 990 4508 se
1019 4451 1114 4507 erunt
1143 4443 1329 4528 perspicua.
1378 4443 1457 4507 Loci
1487 4442 1577 4507 dubii
1604 4443 1656 4506 vel
1688 4455 1720 4508 0⁴

260 4551 346 4635 rupti
371 4551 530 4613 asterisco
555 4548 572 4586 *
597 4560 758 4614 notantur.

368 4675 505 4740 Restant
533 4675 749 4761 explicandae
778 4675 881 4740 haece
904 4684 1017 4738 notae:

367 4783 435 4846 edd.
460 4812 493 4836 =
518 4783 689 4861 editiones,
713 4785 733 4847 i.
759 4805 787 4846 e.
813 4781 911 4846 editio
937 4780 1044 4845 Peteri
1066 4781 1252 4866 Lipsiensis
1276 4781 1378 4846 altera
1403 4795 1435 4846 et
1459 4782 1510 4846 ed.
1530 4784 1720 4850 Berolinena

260 4885 399 4953 Jordani
424 4899 456 4952 et
479 4888 719 4974 Eyssenhardti
744 4868 855 4979 (J'El

368 5012 467 5076 Arolt.
492 5043 526 5067 =
551 5014 675 5077 Archiv
699 5015 752 5077 fiir
776 5012 967 5079 lateinische
990 5011 1255 5097 Lexikographie
1281 5014 1368 5097 hrsg.
1395 5039 1423 5080 v.
1448 5015 1486 5079 E.
1513 5016 1674 5082 Wolfflin.

257 5163 259 5166 ψ
368 5120 480 5184 Herna
506 5151 539 5174 z
564 5122 717 5185 Hermes.

368 5226 444 5290 Jlo.
470 5257 503 5281 =
528 5227 740 5292 Jahrbtieher
763 5229 816 5291 fiir
838 5225 1030 5312 Philologie.

369 5334 452 5398 Plu.
471 5365 509 5434 Ιε
536 5334 735 5419 Philologus.

372 5441 430 5505 Ra.
457 5443 506 5505 M.
533 5472 564 5495 z
591 5441 811 5506 Rbeiniscbes
834 5441 995 5507 Museum.
