3800 6600
836 835 902 886 que

236 997 275 1051 que
295 980 440 1050 (Hariiqne
456 980 564 1036 Petscb.
578 979 634 1033 ΠΙ
643 983 705 1044 349)
720 997 783 1033 cum
795 1016 836 1032 -.

236 1053 296 1106 lut
314 1052 443 1122 stipitem
465 1052 603 1122 grandem
623 1055 795 1120 poneret-
813 1057 839 1105 et

236 1141 267 1179 os
285 1124 388 1193 ligaret
406 1129 432 1177 et
450 1154 483 1164 -·
503 1122 597 1177 focum
621 1123 778 1191 adponeret
796 1122 838 1175 in-

236 1212 260 1249 se
286 1195 349 1248 aliis
378 1195 445 1249 alios
473 1194 551 1248 fumo
577 1224 608 1234 -
634 1199 756 1248 necaret
793 1193 837 1248 AS

235 1275 249 1320 t
265 1264 418 1336 Septimius
442 1269 472 1320 et
490 1266 622 1319 Acholius
641 1268 671 1318 et
687 1264 838 1335 Encolpius

236 1338 324 1406 rriqne
352 1337 387 1419 de
414 1336 468 1391 hoc
497 1336 566 1390 talia
592 1336 837 1418 praedicaverunt.

236 1410 291 1605 'spiciol
306 1407 838 1604 i}d{m{⁸e&edieffirggre{?}rd

265 1569 298 1606 e.
418 1567 469 1604 aus
528 1569 557 1604 ιιι
641 1568 695 1603 um
720 1567 735 1604 e
796 1567 838 1603 rra

236 1624 322 1676 rinum
336 1591 456 1690 ’eiusque
473 1621 561 1675 filium
581 1621 656 1674 dicta
675 1639 696 1677 s.
716 1622 838 1690 appella·

241 1697 308 1748 Ant.
333 1692 464 1763 princeps
491 1693 653 1747 volentibus
676 1694 785 1746 cunctis
809 1695 839 1746 et

236 1783 242 1820 r
274 1764 464 1819 credentibus.
514 1764 536 1817 P
565 1763 626 1826 2,6
654 1763 767 1833 prodita
795 1767 839 1816 est

236 1836 316 1905 tque
335 1836 402 1905 imp.
427 1866 460 1876 —
489 1835 663 1904 praetorium
682 1852 747 1889 enm
769 1834 839 1889 fecit

236 1925 271 1962 ae
290 1907 395 1975 legioni
413 1906 556 1976 regendae
575 1906 708 1976 inposuit,
727 1906 838 1959 statim·

237 1979 309 2033 etiae
327 1981 358 2033 et
376 1977 511 2032 Noricum
538 1977 574 2031 ab
597 1977 725 2031 hostibus
747 1978 838 2030 vindi-

237 2050 283 2105 DJ
300 2050 327 2113 3,
346 2050 364 2103 3
382 2049 411 2102 in
436 2054 567 2103 senatum
589 2049 669 2102 venit
689 2051 838 2116 totumque

236 2122 277 2175 tui
304 2121 436 2191 permisit
463 2121 596 2189 factoque
623 2137 681 2173 sen.
710 2121 838 2173 consulto

236 2197 255 2247 rt
282 2192 443 2262 appellatus
467 2195 498 2245 et
524 2191 629 2245 tribun.
657 2192 837 2259 potestatem,

236 2281 312 2319 cons.
341 2295 376 2303 -
404 2262 532 2316 emeruit.
557 2262 629 2317 Gall.
655 2261 733 2322 13,6
760 2261 837 2316 Cleo·

242 2338 272 2389 et
281 2334 460 2389 Athenaeum
474 2363 506 2374 -
521 2333 710 2387 instaurandis
722 2333 837 2387 urbibus
861 2337 864 2344 '

236 2407 330 2476 lisque
364 2404 511 2475 praefecit,
551 2407 763 2475 pugnatumque
795 2406 838 2457 est

236 2484 345 2543 ontum,
375 2479 405 2530 et
431 2507 466 2517 -
494 2476 562 2530 victi
586 2494 607 2530 s.
631 2476 752 2530 barbari.
789 2475 836 2529 ΑΡ

236 2549 319 2603 reruit
330 2554 356 2602 et
374 2547 514 2601 flaminem
534 2553 559 2601 et
578 2547 716 2601 circenses
729 2553 754 2600 et
767 2578 796 2587 -
813 2553 838 2600 et

236 2636 294 2690 sque
313 2620 438 2673 omnium
450 2634 539 2688 prope
550 2618 711 2688 principum
722 2636 837 2686 prorsus

261 2691 336 2745 civili
356 2690 493 2760 sangnine
512 2695 537 2742 et
555 2689 651 2743 hostili
669 2721 704 2731 -
723 2690 794 2743 vixit
813 2695 838 2743 et

243 2766 424 2832 comparetur
442 2760 560 2825 Numae,
580 2761 657 2815 cuius
670 2759 836 2814 felicitatem

236 2850 305 2902 nque
335 2840 361 2887 et
391 2834 573 2887 securitatem
605 2832 838 2900 caerimoniasque

245 2906 378 2960 obtinuit.
398 2934 430 2944 -
451 2906 478 2973 c)
498 2903 521 2958 G
535 2904 560 2968 2,
574 2903 591 2957 8
611 2921 673 2958 cum
687 2920 752 2957 eum
765 2903 836 2957 occi-

236 2992 261 3031 ιο
289 2978 436 3031 vereretur
464 3006 494 3016 -
518 2975 680 3043 audiretque
698 3005 741 3027 —.
782 2974 835 3028 ΜΒ

236 3065 312 3101 orem
331 3064 364 3101 ac
382 3046 486 3101 liberos
505 3047 621 3116 cogitet,
641 3046 731 3099 avitas
749 3046 836 3115 patri-

236 3127 360 3173 ortunas.
397 3119 421 3171 A
441 3117 484 3186 16,
504 3119 518 3169 1
539 3117 589 3171 llis
610 3149 641 3158 -
661 3120 706 3171 tot
725 3134 756 3170 ac
774 3117 837 3170 tali-

236 3189 373 3245 reindiciis
396 3189 614 3257 muneribusque
632 3189 684 3251 (etc
702 3188 742 3241 Pr
760 3194 778 3241 t.
798 3189 836 3243 D.

236 3280 277 3316 rus
296 3262 352 3323 Ρη
371 3262 467 3315 fultus.
504 3261 563 3314 Ael.
583 3260 638 3325 4,2
657 3276 726 3328 quos
740 3276 837 3315 versus

236 3365 243 3374 ·
269 3333 423 3388 cantitaret
451 3338 531 3401 atque
561 3333 674 3386 adesset
700 3350 771 3385 unus
803 3349 836 3386 ex

236 3423 251 3458 s
273 3405 458 3473 -velletque
481 3404 587 3457 addere
610 3435 649 3458 -.
691 3402 754 3456 Tac.
774 3404 800 3464 4,
821 3403 836 3455 7

236 3477 299 3531 culo
319 3479 406 3544 atque
425 3475 525 3529 umbra
543 3475 571 3527 in
595 3472 710 3543 pruinas
729 3479 837 3527 aestus-

236 3558 261 3601 ἰ.
280 3548 307 3615 9,
326 3549 343 3599 4
361 3547 478 3616 paludes
490 3546 639 3614 plerasque
659 3545 776 3600 siccavit
794 3548 836 3599 at

236 3619 280 3672 his
299 3621 411 3687 segetes
431 3634 569 3686 Quosque
589 3616 745 3670 constitnit.
782 3616 835 3669 MA

236 3696 260 3743 rt
286 3690 315 3742 in
344 3690 510 3743 circensium
539 3689 701 3758 spectaculo
728 3689 837 3755 legeret

236 3777 279 3830 que
291 3778 324 3816 ac
336 3760 521 3823 suscriberet;
541 3760 565 3824 7,
579 3760 596 3812 5
609 3776 691 3827 quem
706 3759 735 3812 L.
749 3764 836 3813 Aure-

236 3850 316 3887 erum
344 3830 423 3886 Cum
455 3831 609 3901 appellavit
638 3830 837 3898 Caesaremque

236 3907 380 3972 lngustnm
408 3902 487 3958 dixit.
526 3902 544 3955 S
568 3902 629 3971 7,3
659 3902 767 3970 fuitque
796 3903 836 3955 in-

247 3976 285 4029 si
310 3975 423 4029 odiosus
443 3977 529 4042 atque
549 3973 692 4027 terribilis.
731 3973 799 4037 Ge,
819 3975 836 4026 5

236 4082 239 4090 ·
267 4064 357 4116 agnus
385 4049 468 4098 natus
498 4048 574 4098 esset
600 4076 635 4083 -
663 4044 763 4098 eadem
791 4044 836 4097 die

236 4135 293 4179 ora,
318 4134 374 4187 qna
399 4148 446 4179 —,
475 4116 651 4182 audissetque
673 4116 719 4168 ille
745 4147 779 4154 —
804 4133 837 4169 ac

237 4189 283 4242 ille
307 4192 495 4257 auguraretur
515 4218 556 4239 —.
590 4219 622 4228 —
651 4187 679 4252 d)
703 4187 728 4239 H
758 4187 835 4254 13,6

236 4262 255 4313 it
274 4266 355 4328 atque
372 4276 458 4328 opera
475 4290 511 4298 -
531 4258 683 4319 dedicavit,
707 4263 740 4310 ut
761 4258 836 4311 Iovis

248 4332 347 4385 aedem
367 4336 392 4384 et
411 4347 489 4384 aram
503 4330 565 4392 sibi,
585 4330 735 4396 eodemque
752 4330 836 4382 modo

236 4421 274 4457 ιιιι
293 4402 469 4456 iterfaciens
482 4401 589 4470 templa
601 4431 636 4440 —
650 4401 834 4454 consecrarit.

243 4477 256 4527 1
277 4491 341 4528 cunr
358 4473 538 4527 hibernasset
551 4472 731 4525 Nicomediae
751 4476 836 4539 atque

236 4546 344 4599 sordide
365 4549 467 4615 ageret
489 4544 663 4611 inireturque
682 4561 698 4596 a
722 4543 787 4596 viris
807 4547 837 4597 et

236 4621 266 4671 et.
291 4618 334 4671 AS
348 4616 419 4686 eal
434 4616 588 4670 comitante
603 4624 702 4667 senatu
712 4615 836 4683 equestri

247 4693 331 4757 atque
360 4687 436 4742 omni
469 4687 572 4756 populo
605 4686 835 4754 circumfusisque

236 4759 420 4814 >mulieribus
440 4763 468 4812 et
488 4757 653 4811 infantibus.
693 4758 714 4809 V
733 4758 787 4823 8,2
807 4762 836 4810 et

236 4834 286 4884 tnr
299 4829 461 4900 pestilentia
480 4829 507 4881 in
521 4829 677 4897 Babylonia
695 4860 729 4869 -
750 4832 835 4896 atque

236 4902 317 4956 rthos
337 4902 490 4969 orbemque
509 4901 670 4968 complesse.
709 4899 754 4952 AC
773 4900 798 4965 8,
818 4900 835 4952 2

236 4992 268 5027 ιιι
286 4974 362 5027 mitis
382 4980 458 5026 esset¹
476 4972 504 5025 in
528 4972 639 5025 hostem
664 4989 744 5023 suum
764 4972 835 5024 eius-

236 5063 286 5099 Ιτοι
303 5051 332 5099 et
345 5043 474 5098 adfectus
488 5047 573 5112 atque
586 5059 689 5102 omnes,
709 5060 778 5109 quos
791 5074 834 5097 -.

236 5117 250 5169 3
269 5116 375 5170 vocatis
394 5115 491 5169 amicis
510 5120 540 5167 et
553 5114 703 5183 praefectis
723 5122 754 5166 ut
773 5132 834 5166 suc-

236 5207 254 5241 ιι
273 5206 337 5241 eum
355 5187 466 5256 imperii
485 5186 613 5240 omnibus
629 5184 835 5238 commendavit

236 5259 348 5313 lrmasit
372 5259 524 5325 statimque
549 5257 628 5325 signo
648 5287 682 5295 --
702 5258 767 5309 dato
788 5275 834 5318 -ς

236 5348 286 5400 qne
313 5331 386 5384 hanc
414 5334 504 5383 totam
534 5330 621 5397 legem
653 5329 686 5380 de
716 5328 834 5381 adserti-

236 5403 348 5456 irmavit
361 5401 486 5469 aliasque
500 5402 534 5453 de
547 5400 692 5453 mensariis
707 5402 735 5453 et
749 5399 834 5451 aneti-

236 5475 311 5539 rulit;
337 5474 378 5538 15,
398 5474 415 5526 3
434 5477 465 5525 ut
485 5472 548 5524 Veri
569 5471 638 5524 vitia
657 5477 681 5524 et
701 5471 835 5524 celaverit

1562 819 1615 873 515

893 986 918 1034 et
947 980 1115 1043 defenderit,
1143 1010 1177 1019 -
1205 982 1398 1047 mortuumque
1424 996 1487 1033 eum
1517 979 1614 1032 divum

894 1051 1080 1121 appellaverit
1097 1051 1248 1119 amitasque
1267 1050 1326 1104 eius
1340 1057 1365 1105 et
1382 1067 1490 1105 sorores
1504 1051 1615 1104 honori·

894 1123 946 1177 bns
975 1129 1000 1175 et
1027 1122 1135 1176 salariis
1163 1122 1285 1177 decretis
1318 1121 1509 1178 sublevaverit
1536 1127 1616 1190 utque

893 1195 1055 1262 provexerit
1068 1194 1204 1262 sacrisque
1216 1212 1281 1247 eum
1290 1194 1417 1262 plurimis
1427 1194 1615 1247 honoraverit.

894 1265 928 1329 cf.
939 1266 999 1318 Ael.
1012 1264 1038 1336 5,
1049 1265 1084 1318 10
1094 1265 1252 1319 cursoribus
1262 1265 1319 1318 suis
1334 1296 1366 1306 -
1382 1265 1440 1319 alas
1451 1264 1616 1333 frequenter

894 1336 1027 1405 adposuit
1050 1347 1153 1405 eosque
1178 1339 1326 1390 ventorum
1348 1336 1507 1390 nominibus
1530 1352 1616 1405 saepe

894 1408 1035 1472 vocitavit,
1049 1407 1168 1462 Boream
1182 1408 1276 1472 alium,
1289 1408 1374 1462 alium
1386 1407 1492 1461 Notum
1505 1412 1534 1461 et
1547 1408 1617 1460 item

894 1478 1059 1547 Aquilonem
1080 1482 1130 1532 aut
1143 1478 1264 1533 Circium
1282 1479 1439 1547 ceterisque
1457 1478 1616 1532 nominibus

894 1551 1039 1620 appellans
1070 1553 1100 1604 et
1129 1550 1271 1604 indefesse
1303 1553 1388 1618 atque
1425 1549 1616 1603 inhumaniter

894 1621 1000 1675 faciens
1020 1622 1164 1676 cursitare.
1190 1621 1244 1676 ΟΜ
1263 1622 1288 1685 2,
1302 1622 1372 1674 1-2
1385 1621 1533 1690 imperium
1546 1621 1615 1674 arri-

893 1692 956 1760 puit
977 1692 1077 1745 humili
1095 1696 1177 1746 natus
1205 1694 1266 1747 loco
1289 1695 1319 1746 et
1342 1692 1428 1746 animi
1452 1696 1539 1760 atque
1558 1692 1614 1746 oris

893 1763 1076 1818 inverecundi
1088 1780 1174 1831 seque
1187 1781 1260 1817 nunc
1274 1762 1350 1817 Sum
1363 1781 1437 1817 nunc
1451 1765 1567 1817 Antum
1578 1794 1610 1802 -

893 1834 1068 1904 nuncupavit
1090 1834 1243 1904 statimque
1266 1836 1301 1888 ad
1326 1835 1431 1889 bellum
1449 1834 1615 1888 Parthicum

893 1906 1038 1975 profectus
1067 1937 1109 1959 -.
1139 1905 1191 1959 Dd.
1215 1906 1275 1973 3,1
1304 1907 1385 1975 signa
1408 1906 1437 1958 in
1462 1906 1561 1959 castris
1579 1909 1614 1959 et

893 1978 995 2031 vexilla
1013 1976 1074 2031 lieri
1088 1977 1280 2031 Antoniniana
1291 1976 1373 2031 iussit
1384 1977 1507 2045 fecitque
1522 1977 1615 2030 Bassi·

894 2048 940 2102 ani
960 2048 1109 2102 simulacra
1128 2066 1162 2101 ex
1181 2065 1249 2102 auro
1273 2051 1358 2117 atque
1377 2053 1505 2118 argento,
1528 2051 1614 2115 atque

894 2119 953 2173 dies
973 2120 988 2172 7
1008 2119 1175 2189 supplicatio
1198 2150 1233 2159 —
1256 2120 1399 2174 celebrate
1422 2125 1474 2173 est.
1516 2119 1534 2172 S
1552 2119 1578 2185 3,
1598 2120 1613 2171 'l

893 2191 1049 2244 studiorum
1077 2207 1270 2258 sacrorumque
1293 2209 1377 2245 causa
1401 2198 1564 2259 creperum
1582 2207 1616 2245 ue

894 2264 1075 2318 vetustatum.
1115 2262 1177 2315 Hel.
1203 2263 1246 2325 19,
1275 2261 1290 2313 7
1313 2262 1416 2317 stravit
1438 2266 1468 2315 et
1491 2261 1614 2316 triclinia

894 2333 928 2386 dc
938 2349 1003 2386 rosa
1013 2337 1043 2386 et
1055 2334 1144 2388 lectos
1155 2335 1185 2388 et
1194 2334 1328 2402 porticus,
1342 2351 1375 2388 ιο
1385 2334 1425 2386 ιίο
1435 2351 1469 2387 ea
1480 2334 1614 2388 deambu-

892 2405 971 2473 lavit,
999 2403 1085 2473 idque
1113 2406 1215 2474 (deque
1243 2405 1349 2459 Petacb.
1377 2422 1401 2459 u.
1424 2411 1520 2459 conoe
1543 2404 1613 2459 Noc.

894 2475 956 2530 Oba.
976 2492 1006 2543 p.
1026 2480 1072 2536 39)
1096 2477 1173 2529 omni
1198 2477 1298 2530 florum
1320 2494 1432 2546 genere.
1470 2476 1514 2530 AS
1535 2476 1577 2541 16,
1598 2477 1612 2528 1

893 2578 926 2587 -
956 2547 1016 2601 sine
1044 2547 1080 2600 20
1107 2548 1175 2602 iuris
1202 2548 1301 2617 peritis
1326 2552 1356 2601 et
1383 2546 1552 2602 doctissimis
1581 2564 1614 2600 ac

893 2618 1067 2701 sapientibus
1087 2618 1153 2672 viris
1177 2620 1324 2687 isdemque
1348 2618 1539 2672 disertissimis
1558 2636 1614 2671 non

892 2707 984 2743 minus
1003 2689 1051 2753 50;
1071 2689 1114 2753 28,
1133 2691 1150 2742 2
1169 2691 1316 2759 appellans
1335 2691 1449 2744 eosdem
1462 2721 1494 2730 —-
1508 2707 1571 2743 reos
1585 2691 1615 2743 et

894 2761 1030 2815 damnans
1044 2762 1179 2815 acerrime
1193 2778 1226 2816 ac
1239 2763 1313 2816 solos
1323 2761 1419 2816 hostes
1431 2761 1613 2828 inimicosque

892 2832 932 2885 rei
952 2850 980 2901 p.
994 2849 1110 2893 vocans;
1129 2832 1172 2894 53,
1187 2833 1204 2884 2
1224 2850 1287 2886 cum
1300 2832 1478 2887 Antiochiam
1491 2832 1614 2885 venisset

894 2919 927 2957 ae
955 2903 1057 2957 milites
1086 2904 1205 2958 lavacris
1233 2904 1416 2958 muliebribus
1449 2908 1479 2958 et
1506 2904 1614 2957 deliciis

892 2978 1028 3029 vacarent
1053 2974 1133 3043 eique
1156 2975 1318 3029 nuntiatum
1337 2980 1421 3044 esset,
1447 2993 1543 3029 omnes
1563 2992 1613 3028 eos

892 3046 1086 3171 ggnppehendi
1109 3046 1190 3101 iussit
1199 3047 1290 3171 letRin
1314 3048 1405 3171 vinpla
1424 3047 1521 3171 ⁰⁰¹¹tici'
1558 3045 1612 3128 βά.

929 3158 935 3176 ,
998 3133 1094 3171 amore
1121 3135 1217 3187 popur
1262 3135 1316 3172 om.
1342 3136 1357 3172 e
1399 3135 1467 3171 sena
1481 3136 1513 3171 us
1541 3134 1615 3171 circa

894 3188 996 3242 Gdum
1016 3191 1046 3242 et
1064 3188 1151 3242 totius
1169 3189 1283 3243 Africae
1302 3207 1335 3244 ac
1355 3189 1451 3259 Syriae
1471 3189 1613 3256 totiusque

893 3259 969 3314 orbis
989 3260 1116 3315 Romani.
1154 3260 1208 3314 MA
1229 3260 1270 3324 16,
1290 3262 1304 3314 1
1325 3264 1358 3315 ut
1377 3294 1410 3305 -
1429 3261 1458 3314 in
1482 3260 1570 3315 filium
1588 3266 1613 3315 et

893 3331 993 3402 [Cum]
1013 3330 1125 3400 quidem
1140 3334 1291 3387 scelestum
1309 3339 1388 3401 atque
1406 3334 1538 3402 inpurum
1556 3332 1613 3386 cito

892 3420 997 3457 nomen
1025 3403 1154 3460 Caesaris
1183 3405 1356 3474 (contulerit)
1381 3410 1406 3458 et
1429 3421 1493 3458 mox
1521 3420 1614 3458 sacer-

894 3475 1001 3528 dotium
1020 3475 1169 3543 statimque
1188 3492 1289 3528 nomen
1308 3476 1400 3545 impis
1419 3492 1452 3529 ue
1479 3474 1614 3544 triumphi

892 3546 1137 3614 participationem
1150 3553 1174 3599 et
1186 3548 1370 3600 consulatum.
1407 3546 1431 3597 V
1450 3548 1474 3609 4,
1489 3547 1506 3600 6
1525 3546 1616 3600 fertur

893 3622 917 3669 et
936 3620 1020 3670 nocte
1039 3617 1150 3686 perpeti
1163 3619 1224 3670 aloa
1243 3619 1350 3679 lusisse,
1367 3624 1492 3686 -atque
1510 3617 1539 3671 in
1552 3621 1614 3670 tan-

892 3690 954 3740 tum
969 3689 1099 3742 vitiorum
1114 3688 1283 3743 Gaianorum
1302 3695 1327 3742 et
1346 3690 1569 3743 Neronianorum
1582 3707 1614 3743 ac

893 3758 1107 3813 Vitellianorum
1130 3760 1217 3813 fuisse
1237 3762 1385 3828 aemulum,
1410 3764 1442 3814 ut
1462 3765 1613 3829 vagaretur

892 3834 976 3884 nocte
995 3849 1045 3900 per
1064 3831 1196 3884 tabernas
1216 3848 1248 3885 ac
1266 3833 1413 3901 lupanaria
1431 3864 1465 3871 —
1485 3840 1510 3885 et
1529 3833 1612 3885 comi·

892 3904 1003 3955 seretur
1031 3919 1093 3955 eum
1114 3902 1277 3969 triconibus,
1308 3936 1339 3945 -
1369 3920 1539 3972 saepeque
1568 3903 1610 3956 ef-

893 3973 999 4026 flictum
1027 3973 1115 4027 livida
1140 3974 1213 4027 facie
1239 3974 1345 4028 redisse
1378 3981 1403 4028 et
1427 3975 1456 4026 in
1484 3975 1610 4027 tabernis

892 4046 1028 4112 agnitum.

928 4117 956 4177 7)
979 4123 1045 4182 post
1072 4117 1220 4186 asyndeton
1252 4118 1281 4171 iu
1311 4120 1366 4181 liae
1396 4117 1611 4170 enumerationis.

893 4186 915 4238 V
929 4186 953 4243 6.
974 4188 990 4240 9
1003 4204 1054 4256 per
1075 4219 1105 4227 —
1126 4187 1281 4242 maritimas
1294 4188 1424 4242 civitates
1438 4188 1519 4240 Asiae
1533 4187 1614 4240 Pam-

891 4258 1002 4326 phyliae
1013 4257 1189 4327 Ciliciaeque.
1215 4261 1238 4311 A
1251 4262 1272 4328 1,
1283 4261 1300 4312 5
1310 4259 1469 4313 'l'hersitem
1478 4259 1611 4312 Sinonem

894 4334 1045 4396 ceteraque
1064 4330 1112 4383 illa
1125 4331 1254 4399 prodigia
1273 4332 1432 4385 vetustatis.
1469 4328 1526 4384 ClA
1541 4331 1582 4390 1⁴.
1596 4332 1613 4382 5

892 4401 1033 4453 hominem
1052 4401 1129 4454 scitis
1143 4402 1221 4456 vobis
1240 4402 1376 4456 militibus
1394 4401 1553 4471 populoque
1573 4402 1612 4453 ri·

891 4473 1018 4525 tandum.
1056 4473 1109 4525 lld.
1129 4473 1154 4538 6,
1175 4475 1210 4526 10
1228 4478 1259 4526 ut
1271 4474 1515 4528 commendaretur
1533 4490 1610 4527 erer-

891 4544 959 4596 citui
978 4544 1089 4597 senatui
1101 4547 1260 4614 populoque
1273 4545 1352 4599 Rom.
1367 4545 1437 4598 Gall.
1457 4546 1500 4610 21,
1514 4544 1530 4596 6
1550 4562 1613 4598 cunr

891 4615 1038 4668 lenonibus
1057 4615 1148 4669 mimis
1168 4617 1334 4684 scurrisque.
1373 4615 1437 4669 Tac.
1461 4617 1486 4680 l,
1506 4618 1522 4667 l
1542 4616 1610 4669 adel.

891 4686 966 4753 quod
998 4687 1101 4739 bonum
1132 4687 1255 4740 faustum
1288 4688 1467 4755 salutareque
1493 4687 1542 4748 sit:
1573 4688 1608 4752 cf.

891 4758 967 4820 infra
987 4759 1028 4813 18.
1048 4759 1073 4812 2.
1111 4757 1157 4811 AC
1177 4760 1202 4823 6,
1222 4760 1238 4811 2
1262 4775 1341 4812 arma
1364 4759 1484 4811 militum
1508 4789 1544 4799 —
1567 4776 1610 4811 re·

891 4828 992 4897 sperit,
1011 4829 1175 4883 -delicias
1194 4848 1337 4884 omnes-
1351 4831 1501 4883 summovit
1520 4830 1611 4883 iussit-

891 4918 944 4967 que
965 4931 1006 4952 ·-.
1045 4899 1090 4954 Cc.
1114 4901 1140 4967 3,
1160 4902 1177 4953 2
1201 4900 1372 4969 Capitolium
1395 4902 1475 4970 petil,
1504 4919 1552 4955 eos
1576 4932 1610 4941 —

891 4974 935 5024 est
955 4971 1100 5025 adlocutus
1120 4973 1299 5039 innitensque
1314 4973 1467 5042 Papiniano
1481 4976 1510 5026 et
1521 4973 1610 5026 Ciloni

890 5074 925 5083 —
944 5043 1027 5097 redit.
1065 5043 1125 5096 Cur.
1146 5044 1201 5105 2,2
1220 5044 1347 5098 fundavit
1368 5045 1513 5097 constituit
1531 5044 1612 5098 robo-

890 5114 1027 5181 ravitque.
1065 5117 1087 5167 A
1108 5116 1132 5169 7.
1152 5116 1169 5168 4
1188 5120 1220 5167 ut
1233 5117 1350 5168 duarum
1367 5116 1497 5169 arborum
1517 5115 1612 5184 capita

891 5186 1057 5249 inflecteret,
1086 5186 1121 5239 ad
1149 5187 1235 5255 pedes
1263 5187 1360 5240 militis
1389 5187 1528 5255 deligaret
1550 5204 1611 5240 eas·

891 5258 1011 5324 demque
1035 5258 1127 5310 subito
1151 5258 1309 5311 dimitteret
1331 5264 1455 5325 (etpost
1477 5259 1533 5311 inll.
1559 5260 1610 5311 ius.

891 5329 975 5381 Solm.
1004 5329 1126 5392 Βοῶνι.
1164 5330 1208 5386 Ρι.
1238 5330 1280 5387 12,
1304 5330 1319 5382 7
1349 5330 1474 5399 luppiter
1504 5329 1535 5382 0.
1563 5329 1610 5389 M..

891 5398 960 5452 Iuno
979 5400 1076 5466 regina
1093 5403 1181 5468 tuque
1199 5400 1335 5454 virtutum
1352 5402 1461 5470 praesul
1475 5400 1609 5461 Minerva,

891 5475 921 5523 tu
950 5471 1026 5524 orbis
1045 5471 1201 5526 Concordia
1225 5476 1255 5525 et
1273 5476 1303 5525 tu
1330 5474 1454 5526 lfomana
1478 5473 1608 5531 Victoria,

1399 5562 1446 5615 33·
